<?xml version="1.0" encoding="UTF-8"?>
  <record xmlns="http://www.loc.gov/MARC21/slim" type="Authority">
    <leader>00000nz  a2200000nc 4500</leader>
    <controlfield tag="001">102547270</controlfield>
    <controlfield tag="003">DE-101</controlfield>
    <controlfield tag="005">20210924124953.0</controlfield>
    <controlfield tag="008">940922n||aznnnaabn           | aaa    |c</controlfield>
    <datafield tag="024" ind1="7" ind2=" ">
      <subfield code="a">102547270</subfield>
      <subfield code="0">http://d-nb.info/gnd/102547270</subfield>
      <subfield code="2">gnd</subfield>
    </datafield>
    <datafield tag="035" ind1=" " ind2=" ">
      <subfield code="a">(DE-101)102547270</subfield>
    </datafield>
    <datafield tag="035" ind1=" " ind2=" ">
      <subfield code="a">(DE-588)102547270</subfield>
    </datafield>
    <datafield tag="035" ind1=" " ind2=" ">
      <subfield code="z">(DE-588a)102547270</subfield>
      <subfield code="9">v:zg</subfield>
    </datafield>
    <datafield tag="035" ind1=" " ind2=" ">
      <subfield code="z">(DE-588a)143296086</subfield>
    </datafield>
    <datafield tag="040" ind1=" " ind2=" ">
      <subfield code="a">DE-12</subfield>
      <subfield code="c">DE-12</subfield>
      <subfield code="9">r:DE-12</subfield>
      <subfield code="b">ger</subfield>
      <subfield code="d">0023</subfield>
    </datafield>
    <datafield tag="042" ind1=" " ind2=" ">
      <subfield code="a">gnd1</subfield>
    </datafield>
    <datafield tag="043" ind1=" " ind2=" ">
      <subfield code="c">XA-DE</subfield>
    </datafield>
    <datafield tag="075" ind1=" " ind2=" ">
      <subfield code="b">p</subfield>
      <subfield code="2">gndgen</subfield>
    </datafield>
    <datafield tag="075" ind1=" " ind2=" ">
      <subfield code="b">piz</subfield>
      <subfield code="2">gndspec</subfield>
    </datafield>
    <datafield tag="079" ind1=" " ind2=" ">
      <subfield code="a">g</subfield>
      <subfield code="q">a</subfield>
      <subfield code="q">f</subfield>
    </datafield>
    <datafield tag="100" ind1="1" ind2=" ">
      <subfield code="a">Hochberg, Hans Heinrich &#152;von&#156;</subfield>
      <subfield code="d">1675-1743</subfield>
    </datafield>
    <datafield tag="375" ind1=" " ind2=" ">
      <subfield code="a">1</subfield>
      <subfield code="2">iso5218</subfield>
    </datafield>
    <datafield tag="400" ind1="1" ind2=" ">
      <subfield code="a">Hohberg, Hans H. &#152;von&#156;</subfield>
      <subfield code="d">1675-1743</subfield>
    </datafield>
    <datafield tag="400" ind1="1" ind2=" ">
      <subfield code="a">Hochberg, Hanns Heinrich &#152;von&#156;</subfield>
      <subfield code="d">1675-1743</subfield>
    </datafield>
    <datafield tag="400" ind1="1" ind2=" ">
      <subfield code="a">Hochberg, Hans H. &#152;von&#156;</subfield>
      <subfield code="d">1675-1743</subfield>
      <subfield code="9">v:R:RAK-WB</subfield>
    </datafield>
    <datafield tag="400" ind1="1" ind2=" ">
      <subfield code="a">Hochberg, Hans Heinrich</subfield>
      <subfield code="c">der Ältere</subfield>
      <subfield code="d">1675-1743</subfield>
    </datafield>
    <datafield tag="400" ind1="1" ind2=" ">
      <subfield code="a">Hohberg, Hanß Heinrich &#152;von&#156;</subfield>
      <subfield code="d">1675-1743</subfield>
    </datafield>
    <datafield tag="500" ind1="1" ind2=" ">
      <subfield code="0">(DE-101)143523694</subfield>
      <subfield code="0">(DE-588)143523694</subfield>
      <subfield code="0">https://d-nb.info/gnd/143523694</subfield>
      <subfield code="a">Hochberg, Anna Elisabeth &#152;von&#156;</subfield>
      <subfield code="d">1685-1724</subfield>
      <subfield code="4">bezf</subfield>
      <subfield code="4">https://d-nb.info/standards/elementset/gnd#familialRelationship</subfield>
      <subfield code="w">r</subfield>
      <subfield code="i">Beziehung familiaer</subfield>
      <subfield code="e">Beziehung familiaer</subfield>
      <subfield code="9">v:Ehefrau</subfield>
    </datafield>
    <datafield tag="500" ind1="1" ind2=" ">
      <subfield code="0">(DE-101)104151137</subfield>
      <subfield code="0">(DE-588)104151137</subfield>
      <subfield code="0">https://d-nb.info/gnd/104151137</subfield>
      <subfield code="a">Hochberg, Hans Heinrich &#152;von&#156;</subfield>
      <subfield code="d">1705-1758</subfield>
      <subfield code="4">bezf</subfield>
      <subfield code="4">https://d-nb.info/standards/elementset/gnd#familialRelationship</subfield>
      <subfield code="w">r</subfield>
      <subfield code="i">Beziehung familiaer</subfield>
      <subfield code="e">Beziehung familiaer</subfield>
      <subfield code="9">v:Sohn</subfield>
    </datafield>
    <datafield tag="500" ind1="1" ind2=" ">
      <subfield code="0">(DE-101)139934987</subfield>
      <subfield code="0">(DE-588)139934987</subfield>
      <subfield code="0">https://d-nb.info/gnd/139934987</subfield>
      <subfield code="a">Hochberg, Louise Henriette Caroline Elisabeth &#152;von&#156;</subfield>
      <subfield code="d">1731-1764</subfield>
      <subfield code="4">bezf</subfield>
      <subfield code="4">https://d-nb.info/standards/elementset/gnd#familialRelationship</subfield>
      <subfield code="w">r</subfield>
      <subfield code="i">Beziehung familiaer</subfield>
      <subfield code="e">Beziehung familiaer</subfield>
      <subfield code="9">v:Enkelin</subfield>
    </datafield>
    <datafield tag="500" ind1="1" ind2=" ">
      <subfield code="0">(DE-101)11806228X</subfield>
      <subfield code="0">(DE-588)11806228X</subfield>
      <subfield code="0">https://d-nb.info/gnd/11806228X</subfield>
      <subfield code="a">Hochberg, Hans Heinrich &#152;von&#156;</subfield>
      <subfield code="d">1741-1782</subfield>
      <subfield code="4">bezf</subfield>
      <subfield code="4">https://d-nb.info/standards/elementset/gnd#familialRelationship</subfield>
      <subfield code="w">r</subfield>
      <subfield code="i">Beziehung familiaer</subfield>
      <subfield code="e">Beziehung familiaer</subfield>
      <subfield code="9">v:Enkel</subfield>
    </datafield>
    <datafield tag="500" ind1="1" ind2=" ">
      <subfield code="0">(DE-101)107270398X</subfield>
      <subfield code="0">(DE-588)107270398X</subfield>
      <subfield code="0">https://d-nb.info/gnd/107270398X</subfield>
      <subfield code="a">Reder, Christine Sophie Friederike &#152;von&#156;</subfield>
      <subfield code="d">1746-1772</subfield>
      <subfield code="4">bezf</subfield>
      <subfield code="4">https://d-nb.info/standards/elementset/gnd#familialRelationship</subfield>
      <subfield code="w">r</subfield>
      <subfield code="i">Beziehung familiaer</subfield>
      <subfield code="e">Beziehung familiaer</subfield>
      <subfield code="9">v:Enkelin</subfield>
    </datafield>
    <datafield tag="500" ind1="1" ind2=" ">
      <subfield code="0">(DE-101)142677132</subfield>
      <subfield code="0">(DE-588)142677132</subfield>
      <subfield code="0">https://d-nb.info/gnd/142677132</subfield>
      <subfield code="a">Hochberg, Gottlob Johann Ludwig &#152;von&#156;</subfield>
      <subfield code="d">1753-1791</subfield>
      <subfield code="4">bezf</subfield>
      <subfield code="4">https://d-nb.info/standards/elementset/gnd#familialRelationship</subfield>
      <subfield code="w">r</subfield>
      <subfield code="i">Beziehung familiaer</subfield>
      <subfield code="e">Beziehung familiaer</subfield>
      <subfield code="9">v:Enkel</subfield>
    </datafield>
    <datafield tag="500" ind1="1" ind2=" ">
      <subfield code="0">(DE-101)1011675757</subfield>
      <subfield code="0">(DE-588)1011675757</subfield>
      <subfield code="0">https://d-nb.info/gnd/1011675757</subfield>
      <subfield code="a">Hochberg, Henriette Friederike &#152;von&#156;</subfield>
      <subfield code="d">1744-1795</subfield>
      <subfield code="4">bezf</subfield>
      <subfield code="4">https://d-nb.info/standards/elementset/gnd#familialRelationship</subfield>
      <subfield code="w">r</subfield>
      <subfield code="i">Beziehung familiaer</subfield>
      <subfield code="e">Beziehung familiaer</subfield>
      <subfield code="9">v:Enkelin</subfield>
    </datafield>
    <datafield tag="500" ind1="1" ind2=" ">
      <subfield code="0">(DE-101)142996149</subfield>
      <subfield code="0">(DE-588)142996149</subfield>
      <subfield code="0">https://d-nb.info/gnd/142996149</subfield>
      <subfield code="a">Hochberg, Luise Friederike &#152;von&#156;</subfield>
      <subfield code="d">1710-1757</subfield>
      <subfield code="4">bezf</subfield>
      <subfield code="4">https://d-nb.info/standards/elementset/gnd#familialRelationship</subfield>
      <subfield code="w">r</subfield>
      <subfield code="i">Beziehung familiaer</subfield>
      <subfield code="e">Beziehung familiaer</subfield>
      <subfield code="9">v:Schwiegertochter</subfield>
    </datafield>
    <datafield tag="500" ind1="1" ind2=" ">
      <subfield code="0">(DE-101)104299681</subfield>
      <subfield code="0">(DE-588)104299681</subfield>
      <subfield code="0">https://d-nb.info/gnd/104299681</subfield>
      <subfield code="a">Hochberg, Juliana Charlotte Elisabeth &#152;von&#156;</subfield>
      <subfield code="d">1704-1719</subfield>
      <subfield code="4">bezf</subfield>
      <subfield code="4">https://d-nb.info/standards/elementset/gnd#familialRelationship</subfield>
      <subfield code="w">r</subfield>
      <subfield code="i">Beziehung familiaer</subfield>
      <subfield code="e">Beziehung familiaer</subfield>
      <subfield code="9">v:Tochter</subfield>
    </datafield>
    <datafield tag="548" ind1=" " ind2=" ">
      <subfield code="a">1675-1743</subfield>
      <subfield code="4">datl</subfield>
      <subfield code="4">https://d-nb.info/standards/elementset/gnd#dateOfBirthAndDeath</subfield>
      <subfield code="w">r</subfield>
      <subfield code="i">Lebensdaten</subfield>
    </datafield>
    <datafield tag="667" ind1=" " ind2=" ">
      <subfield code="a">23</subfield>
    </datafield>
    <datafield tag="670" ind1=" " ind2=" ">
      <subfield code="a">DBA</subfield>
    </datafield>
    <datafield tag="678" ind1=" " ind2=" ">
      <subfield code="b">Graf, Freiherr zu Fürstenstein, Geheimer Rat, Ritter d. Königl. Preuß. schwarzen Adler-Ordens</subfield>
    </datafield>
    <datafield tag="913" ind1=" " ind2=" ">
      <subfield code="S">pnd</subfield>
      <subfield code="i">a</subfield>
      <subfield code="a">Hochberg, Hans Heinrich /von</subfield>
      <subfield code="0">(DE-588a)102547270</subfield>
    </datafield>
  </record>
